
@misc{_sustainable_????,
	title = {Sustainable {Winegrowing} {\textbar} {California} {Wines}},
	url = {http://www.discovercaliforniawines.com/sustainable-winegrowing/},
	urldate = {2017-02-09}
}

@misc{_assistant_????,
	title = {Assistant {Winemaker} {Salary} {\textbar} {Chron}.com},
	url = {http://work.chron.com/assistant-winemaker-salary-28565.html},
	urldate = {2017-02-09}
}

@misc{_weil_????,
	title = {Weil die {Quellen} der wichtigsten europäischen {Ströme} in den {Schweizer} {Alpen} liegen, gilt die {Schweiz} als das {Wasserschloss} {Europas}: {Wasserschloss} {Schweiz} - {NZZ}},
	url = {https://www.nzz.ch/wasserschloss-schweiz-1.16921466},
	urldate = {2017-02-09}
}

@misc{_sustainability_????,
	title = {Sustainability {\textbar} {Free} {Full}-{Text} {\textbar} {The} {Water} {Footprint} of the {Wine} {Industry}: {Implementation} of an {Assessment} {Methodology} and {Application} to a {Case} {Study}},
	url = {http://www.mdpi.com/2071-1050/7/9/12190},
	urldate = {2017-02-09}
}


@misc{_reportweintesting-1.pdf_????,
	title = {{ReportWeintesting}-1.pdf},
	url = {https://giftfrei.org/wp-content/uploads/2016/06/ReportWeintesting-1.pdf},
	urldate = {2017-02-09}
}

@misc{_arbeitszeiten_????,
	title = {Arbeitszeiten und {Urlaubszeiten} in den {USA} - usatipps.de},
	url = {http://www.usatipps.de/tipps/bevoelkerung/arbeitszeiten-und-urlaubszeiten/},
	urldate = {2017-02-09}
}
@misc{___????,
	title = {\_wettstein-2016-lca-wein.pdf},
	url = {https://www.zhaw.ch/storage/lsfm/institute-zentren/iunr/oekobilanzierung/wettstein-2016-lca-wein.pdf},
	urldate = {2017-02-09}
}
@misc{_2015_report_appendix.pdf_????,
	title = {2015\_Report\_Appendix.pdf},
	url = {http://www.sustainablewinegrowing.org/docs/2015_Report_Appendix.pdf},
	urldate = {2017-02-09}
}
@misc{_2015_cswa_sustainability_report.pdf_????,
	title = {2015\_CSWA\_Sustainability\_Report.pdf},
	url = {http://www.sustainablewinegrowing.org/docs/2015_CSWA_Sustainability_Report.pdf},
	urldate = {2017-02-09}
}

@misc{_weinwirtschaftliche_????,
	title = {Weinwirtschaftliche {Statistik}},
	url = {https://www.blw.admin.ch/blw/de/home/nachhaltige-produktion/pflanzliche-produktion/weine-und-spirituosen/weinwirtschaftliche-statistik.html},
	urldate = {2017-02-09}
}

@misc{_weinbau_????,
	title = {Weinbau in der {Schweiz} – {Wikipedia}},
	url = {https://de.wikipedia.org/w/index.php?title=Weinbau_in_der_Schweiz&oldid=156102069},
	urldate = {2017-02-09}
}

@misc{_kohlendioxid-bilanz_????,
	title = {Kohlendioxid-{Bilanz} für kalifornischen {Wein} überraschend gut — {Justus}-{Liebig}-{Universität} {Gießen}},
	url = {https://www.uni-giessen.de/ueber-uns/pressestelle/pm/pm115-16},
	urldate = {2017-02-09}
}

@misc{_farm_????,
	title = {Farm {Worker} {Salary}},
	url = {http://www.payscale.com/research/US/Job=Farm_Worker/Hourly_Rate},
	urldate = {2017-02-09}
}

@online{_all_????,
	title = {All about California Wines, Winemakers, Wineries, Grapes Soil, History},
	url = {http://www.thewinecellarinsider.com/california-wine/},
	urldate = {2017-02-16}
}

@online{_weinlandschweiz_????,
	title = {{WEINLANDSCHWEIZ} {\textbar} produzenten},
	url = {http://www.weinlandschweiz.ch/de/produzenten/},
	urldate = {2017-02-16}
}