
@misc{_advancing_????,
	title = {Advancing {Sustainable} {Materials} {Management}: {Facts} and {Figures} {Report} {\textbar} {Sustainable} {Materials} {Management} {\textbar} {US} {EPA}},
	url = {https://www.epa.gov/smm/advancing-sustainable-materials-management-facts-and-figures-report},
	urldate = {2017-02-23}
}