
@online{_all_????,
	title = {All about California Wines, Winemakers, Wineries, Grapes Soil, History},
	url = {http://www.thewinecellarinsider.com/california-wine/},
	urldate = {2017-02-16}
}

@online{_weinlandschweiz_????,
	title = {{WEINLANDSCHWEIZ} {\textbar} produzenten},
	url = {http://www.weinlandschweiz.ch/de/produzenten/},
	urldate = {2017-02-16}
}