
@misc{_our_????,
	title = {Our {Common} {Future}: {Report} of the {World} {Commission} on {Environment} and {Development} - our-common-future.pdf},
	url = {http://www.un-documents.net/our-common-future.pdf},
	urldate = {2017-02-17}
}