
@misc{_arbeitszeiten_????,
	title = {Arbeitszeiten und {Urlaubszeiten} in den {USA} - usatipps.de},
	url = {http://www.usatipps.de/tipps/bevoelkerung/arbeitszeiten-und-urlaubszeiten/},
	urldate = {2017-02-09}
}