
@misc{_microsoft_????,
	title = {Microsoft {Word} - {Report}50-{NationalWaterFootprints}-{Vol}1.doc - {Report}50-{NationalWaterFootprints}-{Vol}1.pdf},
	url = {http://waterfootprint.org/media/downloads/Report50-NationalWaterFootprints-Vol1.pdf},
	urldate = {2017-02-22}
}